%YAML 1.1
%TAG !u! tag:unity3d.com,2011:
--- !u!1 &5954015559416851904
GameObject:
  m_ObjectHideFlags: 0
  m_CorrespondingSourceObject: {fileID: 0}
  m_PrefabInstance: {fileID: 0}
  m_PrefabAsset: {fileID: 0}
  serializedVersion: 6
  m_Component:
  - component: {fileID: 2242372495219090990}
  - component: {fileID: 727947549679796830}
  - component: {fileID: 7114978469488845783}
  - component: {fileID: 8731738996642657811}
  - component: {fileID: 5125782853967856305}
  - component: {fileID: 956611076819664929}
  m_Layer: 0
  m_Name: Bad_smell_cloud_1
  m_TagString: Untagged
  m_Icon: {fileID: 0}
  m_NavMeshLayer: 0
  m_StaticEditorFlags: 0
  m_IsActive: 1
--- !u!4 &2242372495219090990
Transform:
  m_ObjectHideFlags: 0
  m_CorrespondingSourceObject: {fileID: 0}
  m_PrefabInstance: {fileID: 0}
  m_PrefabAsset: {fileID: 0}
  m_GameObject: {fileID: 5954015559416851904}
  m_LocalRotation: {x: 0, y: 0, z: 0, w: 1}
  m_LocalPosition: {x: -5.72, y: -0.24, z: 0}
  m_LocalScale: {x: 1, y: 1, z: 1}
  m_Children: []
  m_Father: {fileID: 0}
  m_RootOrder: 0
  m_LocalEulerAnglesHint: {x: 0, y: 0, z: 0}
--- !u!212 &727947549679796830
SpriteRenderer:
  m_ObjectHideFlags: 0
  m_CorrespondingSourceObject: {fileID: 0}
  m_PrefabInstance: {fileID: 0}
  m_PrefabAsset: {fileID: 0}
  m_GameObject: {fileID: 5954015559416851904}
  m_Enabled: 1
  m_CastShadows: 0
  m_ReceiveShadows: 0
  m_DynamicOccludee: 1
  m_MotionVectors: 1
  m_LightProbeUsage: 1
  m_ReflectionProbeUsage: 1
  m_RenderingLayerMask: 1
  m_RendererPriority: 0
  m_Materials:
  - {fileID: 10754, guid: 0000000000000000f000000000000000, type: 0}
  m_StaticBatchInfo:
    firstSubMesh: 0
    subMeshCount: 0
  m_StaticBatchRoot: {fileID: 0}
  m_ProbeAnchor: {fileID: 0}
  m_LightProbeVolumeOverride: {fileID: 0}
  m_ScaleInLightmap: 1
  m_ReceiveGI: 1
  m_PreserveUVs: 0
  m_IgnoreNormalsForChartDetection: 0
  m_ImportantGI: 0
  m_StitchLightmapSeams: 1
  m_SelectedEditorRenderState: 0
  m_MinimumChartSize: 4
  m_AutoUVMaxDistance: 0.5
  m_AutoUVMaxAngle: 89
  m_LightmapParameters: {fileID: 0}
  m_SortingLayerID: 0
  m_SortingLayer: 0
  m_SortingOrder: 0
  m_Sprite: {fileID: 6382238339013396286, guid: f56135933d18f1542a868191ca480df0,
    type: 3}
  m_Color: {r: 1, g: 1, b: 1, a: 1}
  m_FlipX: 0
  m_FlipY: 0
  m_DrawMode: 0
  m_Size: {x: 2.43, y: 3.2}
  m_AdaptiveModeThreshold: 0.5
  m_SpriteTileMode: 0
  m_WasSpriteAssigned: 1
  m_MaskInteraction: 0
  m_SpriteSortPoint: 0
--- !u!114 &7114978469488845783
MonoBehaviour:
  m_ObjectHideFlags: 0
  m_CorrespondingSourceObject: {fileID: 0}
  m_PrefabInstance: {fileID: 0}
  m_PrefabAsset: {fileID: 0}
  m_GameObject: {fileID: 5954015559416851904}
  m_Enabled: 1
  m_EditorHideFlags: 0
  m_Script: {fileID: 11500000, guid: 16d96c95fc65b7749a2d65134de92300, type: 3}
  m_Name: 
  m_EditorClassIdentifier: 
  _moveSpeed: 3
--- !u!114 &8731738996642657811
MonoBehaviour:
  m_ObjectHideFlags: 0
  m_CorrespondingSourceObject: {fileID: 0}
  m_PrefabInstance: {fileID: 0}
  m_PrefabAsset: {fileID: 0}
  m_GameObject: {fileID: 5954015559416851904}
  m_Enabled: 1
  m_EditorHideFlags: 0
  m_Script: {fileID: 11500000, guid: 056832e0bfeb07e44bff241ec408da4e, type: 3}
  m_Name: 
  m_EditorClassIdentifier: 
  multiplier: -1
--- !u!114 &5125782853967856305
MonoBehaviour:
  m_ObjectHideFlags: 0
  m_CorrespondingSourceObject: {fileID: 0}
  m_PrefabInstance: {fileID: 0}
  m_PrefabAsset: {fileID: 0}
  m_GameObject: {fileID: 5954015559416851904}
  m_Enabled: 1
  m_EditorHideFlags: 0
  m_Script: {fileID: 11500000, guid: 131fdec8e9419e74ea6732776083ddb5, type: 3}
  m_Name: 
  m_EditorClassIdentifier: 
--- !u!60 &956611076819664929
PolygonCollider2D:
  m_ObjectHideFlags: 0
  m_CorrespondingSourceObject: {fileID: 0}
  m_PrefabInstance: {fileID: 0}
  m_PrefabAsset: {fileID: 0}
  m_GameObject: {fileID: 5954015559416851904}
  m_Enabled: 1
  m_Density: 1
  m_Material: {fileID: 0}
  m_IsTrigger: 1
  m_UsedByEffector: 0
  m_UsedByComposite: 0
  m_Offset: {x: 0, y: 0}
  m_SpriteTilingProperty:
    border: {x: 0, y: 0, z: 0, w: 0}
    pivot: {x: 0.5, y: 0.5}
    oldSize: {x: 0.6942857, y: 0.9142857}
    newSize: {x: 2.43, y: 3.2}
    adaptiveTilingThreshold: 0.5
    drawMode: 0
    adaptiveTiling: 0
  m_AutoTiling: 0
  m_Points:
    m_Paths:
    - - {x: 0.03857143, y: -0.3342857}
      - {x: 0.055714287, y: -0.2942857}
      - {x: 0.052857142, y: -0.22857143}
      - {x: 0.044285715, y: -0.21428572}
      - {x: 0.044285715, y: -0.19142857}
      - {x: 0.08142857, y: -0.22857143}
      - {x: 0.12428571, y: -0.24571428}
      - {x: 0.16428572, y: -0.25428572}
      - {x: 0.23285714, y: -0.24571428}
      - {x: 0.27571428, y: -0.22571428}
      - {x: 0.3042857, y: -0.20571429}
      - {x: 0.32999998, y: -0.16857143}
      - {x: 0.31857142, y: -0.12}
      - {x: 0.25857142, y: -0.074285716}
      - {x: 0.23, y: -0.07142857}
      - {x: 0.16714285, y: -0.05142857}
      - {x: 0.12428571, y: -0.037142858}
      - {x: 0.07285714, y: -0.04}
      - {x: 0.047142856, y: -0.054285713}
      - {x: 0.024285713, y: -0.08}
      - {x: 0.027142856, y: -0.108571425}
      - {x: 0.01, y: -0.105714284}
      - {x: 0.032857142, y: -0.054285713}
      - {x: 0.06714286, y: -0.03142857}
      - {x: 0.12142857, y: -0.034285713}
      - {x: 0.15571429, y: -0.03142857}
      - {x: 0.21571429, y: 0.017142856}
      - {x: 0.22714286, y: 0.054285713}
      - {x: 0.2642857, y: 0.111428574}
      - {x: 0.33571428, y: 0.20285714}
      - {x: 0.34714285, y: 0.22857143}
      - {x: 0.34714285, y: 0.2942857}
      - {x: 0.31285715, y: 0.34571427}
      - {x: 0.24428572, y: 0.37142858}
      - {x: 0.15571429, y: 0.37142858}
      - {x: 0.13, y: 0.35999998}
      - {x: 0.11285714, y: 0.3942857}
      - {x: 0.06428571, y: 0.44}
      - {x: 0.021428572, y: 0.45714286}
      - {x: -0.10142857, y: 0.45714286}
      - {x: -0.13, y: 0.45142856}
      - {x: -0.17, y: 0.42571428}
      - {x: -0.20142856, y: 0.3942857}
      - {x: -0.2242857, y: 0.34571427}
      - {x: -0.22142857, y: 0.28571427}
      - {x: -0.27571428, y: 0.28857142}
      - {x: -0.32428572, y: 0.27142856}
      - {x: -0.34714285, y: 0.24571428}
      - {x: -0.34714285, y: 0.1942857}
      - {x: -0.32428572, y: 0.16857143}
      - {x: -0.29857144, y: 0.15714286}
      - {x: -0.28142858, y: 0.15142857}
      - {x: -0.30714285, y: 0.09142857}
      - {x: -0.2957143, y: 0.028571429}
      - {x: -0.33857143, y: -0.014285714}
      - {x: -0.34714285, y: -0.03142857}
      - {x: -0.34714285, y: -0.09428571}
      - {x: -0.33857143, y: -0.114285715}
      - {x: -0.31285715, y: -0.14571428}
      - {x: -0.29285714, y: -0.15714286}
      - {x: -0.31571427, y: -0.17999999}
      - {x: -0.31571427, y: -0.20571429}
      - {x: -0.29, y: -0.24}
      - {x: -0.27, y: -0.24857143}
      - {x: -0.21, y: -0.24857143}
      - {x: -0.17285714, y: -0.21714285}
      - {x: -0.13571428, y: -0.21142857}
      - {x: -0.09857143, y: -0.28857142}
      - {x: -0.13285714, y: -0.34}
      - {x: -0.18428572, y: -0.37142858}
      - {x: -0.24142857, y: -0.42}
      - {x: -0.25, y: -0.4342857}
      - {x: -0.24714285, y: -0.4485714}
      - {x: -0.23571429, y: -0.4485714}
      - {x: -0.20428571, y: -0.4342857}
      - {x: -0.084285714, y: -0.4}
      - {x: -0.021428572, y: -0.3857143}
      - {x: 0.007142857, y: -0.36571428}
