%YAML 1.1
%TAG !u! tag:unity3d.com,2011:
--- !u!1 &1634692766188608304
GameObject:
  m_ObjectHideFlags: 0
  m_CorrespondingSourceObject: {fileID: 0}
  m_PrefabInstance: {fileID: 0}
  m_PrefabAsset: {fileID: 0}
  serializedVersion: 6
  m_Component:
  - component: {fileID: 8141547153906759120}
  - component: {fileID: 6736632192589522642}
  - component: {fileID: 8706906150023445283}
  - component: {fileID: 743327136941582694}
  - component: {fileID: 8443379652011895860}
  - component: {fileID: 7556257380323088118}
  m_Layer: 0
  m_Name: Bergamot_cloud_8
  m_TagString: Untagged
  m_Icon: {fileID: 0}
  m_NavMeshLayer: 0
  m_StaticEditorFlags: 0
  m_IsActive: 1
--- !u!4 &8141547153906759120
Transform:
  m_ObjectHideFlags: 0
  m_CorrespondingSourceObject: {fileID: 0}
  m_PrefabInstance: {fileID: 0}
  m_PrefabAsset: {fileID: 0}
  m_GameObject: {fileID: 1634692766188608304}
  m_LocalRotation: {x: 0, y: 0, z: 0, w: 1}
  m_LocalPosition: {x: -5.72, y: -0.24, z: 0}
  m_LocalScale: {x: 1, y: 1, z: 1}
  m_Children: []
  m_Father: {fileID: 0}
  m_RootOrder: 0
  m_LocalEulerAnglesHint: {x: 0, y: 0, z: 0}
--- !u!212 &6736632192589522642
SpriteRenderer:
  m_ObjectHideFlags: 0
  m_CorrespondingSourceObject: {fileID: 0}
  m_PrefabInstance: {fileID: 0}
  m_PrefabAsset: {fileID: 0}
  m_GameObject: {fileID: 1634692766188608304}
  m_Enabled: 1
  m_CastShadows: 0
  m_ReceiveShadows: 0
  m_DynamicOccludee: 1
  m_MotionVectors: 1
  m_LightProbeUsage: 1
  m_ReflectionProbeUsage: 1
  m_RenderingLayerMask: 1
  m_RendererPriority: 0
  m_Materials:
  - {fileID: 10754, guid: 0000000000000000f000000000000000, type: 0}
  m_StaticBatchInfo:
    firstSubMesh: 0
    subMeshCount: 0
  m_StaticBatchRoot: {fileID: 0}
  m_ProbeAnchor: {fileID: 0}
  m_LightProbeVolumeOverride: {fileID: 0}
  m_ScaleInLightmap: 1
  m_ReceiveGI: 1
  m_PreserveUVs: 0
  m_IgnoreNormalsForChartDetection: 0
  m_ImportantGI: 0
  m_StitchLightmapSeams: 1
  m_SelectedEditorRenderState: 0
  m_MinimumChartSize: 4
  m_AutoUVMaxDistance: 0.5
  m_AutoUVMaxAngle: 89
  m_LightmapParameters: {fileID: 0}
  m_SortingLayerID: 0
  m_SortingLayer: 0
  m_SortingOrder: 0
  m_Sprite: {fileID: -9021403844395424084, guid: 4ff5ddc887c578d4095ad2865edbfaf3,
    type: 3}
  m_Color: {r: 1, g: 1, b: 1, a: 1}
  m_FlipX: 0
  m_FlipY: 0
  m_DrawMode: 0
  m_Size: {x: 2.43, y: 3.2}
  m_AdaptiveModeThreshold: 0.5
  m_SpriteTileMode: 0
  m_WasSpriteAssigned: 1
  m_MaskInteraction: 0
  m_SpriteSortPoint: 0
--- !u!114 &8706906150023445283
MonoBehaviour:
  m_ObjectHideFlags: 0
  m_CorrespondingSourceObject: {fileID: 0}
  m_PrefabInstance: {fileID: 0}
  m_PrefabAsset: {fileID: 0}
  m_GameObject: {fileID: 1634692766188608304}
  m_Enabled: 1
  m_EditorHideFlags: 0
  m_Script: {fileID: 11500000, guid: 16d96c95fc65b7749a2d65134de92300, type: 3}
  m_Name: 
  m_EditorClassIdentifier: 
  _moveSpeed: 3
--- !u!114 &743327136941582694
MonoBehaviour:
  m_ObjectHideFlags: 0
  m_CorrespondingSourceObject: {fileID: 0}
  m_PrefabInstance: {fileID: 0}
  m_PrefabAsset: {fileID: 0}
  m_GameObject: {fileID: 1634692766188608304}
  m_Enabled: 1
  m_EditorHideFlags: 0
  m_Script: {fileID: 11500000, guid: 056832e0bfeb07e44bff241ec408da4e, type: 3}
  m_Name: 
  m_EditorClassIdentifier: 
  multiplier: 2
--- !u!114 &8443379652011895860
MonoBehaviour:
  m_ObjectHideFlags: 0
  m_CorrespondingSourceObject: {fileID: 0}
  m_PrefabInstance: {fileID: 0}
  m_PrefabAsset: {fileID: 0}
  m_GameObject: {fileID: 1634692766188608304}
  m_Enabled: 1
  m_EditorHideFlags: 0
  m_Script: {fileID: 11500000, guid: 131fdec8e9419e74ea6732776083ddb5, type: 3}
  m_Name: 
  m_EditorClassIdentifier: 
--- !u!60 &7556257380323088118
PolygonCollider2D:
  m_ObjectHideFlags: 0
  m_CorrespondingSourceObject: {fileID: 0}
  m_PrefabInstance: {fileID: 0}
  m_PrefabAsset: {fileID: 0}
  m_GameObject: {fileID: 1634692766188608304}
  m_Enabled: 1
  m_Density: 1
  m_Material: {fileID: 0}
  m_IsTrigger: 1
  m_UsedByEffector: 0
  m_UsedByComposite: 0
  m_Offset: {x: 0, y: 0}
  m_SpriteTilingProperty:
    border: {x: 0, y: 0, z: 0, w: 0}
    pivot: {x: 0.5, y: 0.5}
    oldSize: {x: 0.78, y: 0.86285716}
    newSize: {x: 2.43, y: 3.2}
    adaptiveTilingThreshold: 0.5
    drawMode: 0
    adaptiveTiling: 0
  m_AutoTiling: 0
  m_Points:
    m_Paths:
    - - {x: 0.23857142, y: -0.31714284}
      - {x: 0.22714286, y: -0.29714286}
      - {x: 0.20428571, y: -0.2742857}
      - {x: 0.16142857, y: -0.25714284}
      - {x: 0.087142855, y: -0.25714284}
      - {x: 0.007142857, y: -0.28857142}
      - {x: 0.007142857, y: -0.38285714}
      - {x: 0.015714286, y: -0.39142856}
      - {x: 0.07, y: -0.42571428}
      - {x: 0.08142857, y: -0.43142858}
      - {x: 0.18142857, y: -0.43142858}
      - {x: 0.23285714, y: -0.3942857}
      - {x: 0.24428572, y: -0.35714287}
      - {x: 0.24428572, y: -0.32857144}
    - - {x: -0.13, y: -0.25428572}
      - {x: -0.14714286, y: -0.27142856}
      - {x: -0.14714286, y: -0.31142858}
      - {x: -0.11857143, y: -0.3342857}
      - {x: -0.044285715, y: -0.3342857}
      - {x: -0.03857143, y: -0.31714284}
      - {x: -0.03857143, y: -0.26285714}
      - {x: -0.06428571, y: -0.25428572}
    - - {x: -0.38142857, y: -0.17428571}
      - {x: -0.38428572, y: -0.18571429}
      - {x: -0.38428572, y: -0.26285714}
      - {x: -0.35, y: -0.28857142}
      - {x: -0.23285714, y: -0.28857142}
      - {x: -0.23285714, y: -0.17428571}
    - - {x: 0.05, y: -0.25142857}
      - {x: 0.089999996, y: -0.22857143}
      - {x: 0.09857143, y: -0.17142858}
      - {x: 0.06714286, y: -0.14857143}
      - {x: 0.035714284, y: -0.14}
      - {x: -0.012857143, y: -0.07714286}
      - {x: 0.032857142, y: -0.08}
      - {x: 0.11857143, y: -0.111428574}
      - {x: 0.22714286, y: -0.111428574}
      - {x: 0.31285715, y: -0.08285714}
      - {x: 0.36714286, y: -0.034285713}
      - {x: 0.39, y: 0.011428571}
      - {x: 0.39, y: 0.07714286}
      - {x: 0.38428572, y: 0.09428571}
      - {x: 0.36714286, y: 0.13142857}
      - {x: 0.32714286, y: 0.16857143}
      - {x: 0.27, y: 0.19714285}
      - {x: 0.22714286, y: 0.20857142}
      - {x: 0.17, y: 0.21142857}
      - {x: 0.13857143, y: 0.23714286}
      - {x: 0.06428571, y: 0.23714286}
      - {x: 0.03857143, y: 0.21142857}
      - {x: -0.015714286, y: 0.22}
      - {x: -0.10428571, y: 0.21714285}
      - {x: -0.14714286, y: 0.19142857}
      - {x: -0.17857143, y: 0.16571428}
      - {x: -0.19285715, y: 0.14}
      - {x: -0.27, y: 0.13714285}
      - {x: -0.33571428, y: 0.105714284}
      - {x: -0.38142857, y: 0.057142857}
      - {x: -0.39, y: 0.037142858}
      - {x: -0.39, y: -0.017142856}
      - {x: -0.38714287, y: -0.037142858}
      - {x: -0.37, y: -0.065714285}
      - {x: -0.34142858, y: -0.08857143}
      - {x: -0.32428572, y: -0.1}
      - {x: -0.31, y: -0.108571425}
      - {x: -0.28142858, y: -0.12}
      - {x: -0.24428572, y: -0.14571428}
      - {x: -0.24428572, y: -0.17999999}
      - {x: -0.23, y: -0.20571429}
      - {x: -0.18142857, y: -0.24571428}
      - {x: -0.15285714, y: -0.25142857}
      - {x: -0.07, y: -0.25142857}
      - {x: -0.032857142, y: -0.24285714}
      - {x: -0.007142857, y: -0.25142857}
    - - {x: -0.16142857, y: 0.42285714}
      - {x: -0.19285715, y: 0.43142858}
      - {x: -0.28428572, y: 0.43142858}
      - {x: -0.33857143, y: 0.3942857}
      - {x: -0.33857143, y: 0.32857144}
      - {x: -0.31285715, y: 0.2942857}
      - {x: -0.28428572, y: 0.28}
      - {x: -0.19857143, y: 0.28}
      - {x: -0.15571429, y: 0.29142857}
      - {x: -0.13, y: 0.33142856}
      - {x: -0.13, y: 0.37714285}
      - {x: -0.13571428, y: 0.3942857}
