%YAML 1.1
%TAG !u! tag:unity3d.com,2011:
--- !u!1 &2276119858546541582
GameObject:
  m_ObjectHideFlags: 0
  m_CorrespondingSourceObject: {fileID: 0}
  m_PrefabInstance: {fileID: 0}
  m_PrefabAsset: {fileID: 0}
  serializedVersion: 6
  m_Component:
  - component: {fileID: 1632976419348613143}
  - component: {fileID: 7300420901205174257}
  - component: {fileID: 190542331288014030}
  - component: {fileID: 4926585919987440863}
  - component: {fileID: 7044457139659161144}
  - component: {fileID: 3839443505482498004}
  m_Layer: 0
  m_Name: Citroen_cloud_3
  m_TagString: Untagged
  m_Icon: {fileID: 0}
  m_NavMeshLayer: 0
  m_StaticEditorFlags: 0
  m_IsActive: 1
--- !u!4 &1632976419348613143
Transform:
  m_ObjectHideFlags: 0
  m_CorrespondingSourceObject: {fileID: 0}
  m_PrefabInstance: {fileID: 0}
  m_PrefabAsset: {fileID: 0}
  m_GameObject: {fileID: 2276119858546541582}
  m_LocalRotation: {x: 0, y: 0, z: 0, w: 1}
  m_LocalPosition: {x: -5.72, y: -0.24, z: 0}
  m_LocalScale: {x: 1, y: 1, z: 1}
  m_Children: []
  m_Father: {fileID: 0}
  m_RootOrder: 0
  m_LocalEulerAnglesHint: {x: 0, y: 0, z: 0}
--- !u!212 &7300420901205174257
SpriteRenderer:
  m_ObjectHideFlags: 0
  m_CorrespondingSourceObject: {fileID: 0}
  m_PrefabInstance: {fileID: 0}
  m_PrefabAsset: {fileID: 0}
  m_GameObject: {fileID: 2276119858546541582}
  m_Enabled: 1
  m_CastShadows: 0
  m_ReceiveShadows: 0
  m_DynamicOccludee: 1
  m_MotionVectors: 1
  m_LightProbeUsage: 1
  m_ReflectionProbeUsage: 1
  m_RenderingLayerMask: 1
  m_RendererPriority: 0
  m_Materials:
  - {fileID: 10754, guid: 0000000000000000f000000000000000, type: 0}
  m_StaticBatchInfo:
    firstSubMesh: 0
    subMeshCount: 0
  m_StaticBatchRoot: {fileID: 0}
  m_ProbeAnchor: {fileID: 0}
  m_LightProbeVolumeOverride: {fileID: 0}
  m_ScaleInLightmap: 1
  m_ReceiveGI: 1
  m_PreserveUVs: 0
  m_IgnoreNormalsForChartDetection: 0
  m_ImportantGI: 0
  m_StitchLightmapSeams: 1
  m_SelectedEditorRenderState: 0
  m_MinimumChartSize: 4
  m_AutoUVMaxDistance: 0.5
  m_AutoUVMaxAngle: 89
  m_LightmapParameters: {fileID: 0}
  m_SortingLayerID: 0
  m_SortingLayer: 0
  m_SortingOrder: 0
  m_Sprite: {fileID: 2562709041185321998, guid: 321e492a53715f346b302fed9b9d9ea1,
    type: 3}
  m_Color: {r: 1, g: 1, b: 1, a: 1}
  m_FlipX: 0
  m_FlipY: 0
  m_DrawMode: 0
  m_Size: {x: 2.43, y: 3.2}
  m_AdaptiveModeThreshold: 0.5
  m_SpriteTileMode: 0
  m_WasSpriteAssigned: 1
  m_MaskInteraction: 0
  m_SpriteSortPoint: 0
--- !u!114 &190542331288014030
MonoBehaviour:
  m_ObjectHideFlags: 0
  m_CorrespondingSourceObject: {fileID: 0}
  m_PrefabInstance: {fileID: 0}
  m_PrefabAsset: {fileID: 0}
  m_GameObject: {fileID: 2276119858546541582}
  m_Enabled: 1
  m_EditorHideFlags: 0
  m_Script: {fileID: 11500000, guid: 16d96c95fc65b7749a2d65134de92300, type: 3}
  m_Name: 
  m_EditorClassIdentifier: 
  _moveSpeed: 3
--- !u!114 &4926585919987440863
MonoBehaviour:
  m_ObjectHideFlags: 0
  m_CorrespondingSourceObject: {fileID: 0}
  m_PrefabInstance: {fileID: 0}
  m_PrefabAsset: {fileID: 0}
  m_GameObject: {fileID: 2276119858546541582}
  m_Enabled: 1
  m_EditorHideFlags: 0
  m_Script: {fileID: 11500000, guid: 056832e0bfeb07e44bff241ec408da4e, type: 3}
  m_Name: 
  m_EditorClassIdentifier: 
  multiplier: 2
--- !u!114 &7044457139659161144
MonoBehaviour:
  m_ObjectHideFlags: 0
  m_CorrespondingSourceObject: {fileID: 0}
  m_PrefabInstance: {fileID: 0}
  m_PrefabAsset: {fileID: 0}
  m_GameObject: {fileID: 2276119858546541582}
  m_Enabled: 1
  m_EditorHideFlags: 0
  m_Script: {fileID: 11500000, guid: 131fdec8e9419e74ea6732776083ddb5, type: 3}
  m_Name: 
  m_EditorClassIdentifier: 
--- !u!60 &3839443505482498004
PolygonCollider2D:
  m_ObjectHideFlags: 0
  m_CorrespondingSourceObject: {fileID: 0}
  m_PrefabInstance: {fileID: 0}
  m_PrefabAsset: {fileID: 0}
  m_GameObject: {fileID: 2276119858546541582}
  m_Enabled: 1
  m_Density: 1
  m_Material: {fileID: 0}
  m_IsTrigger: 1
  m_UsedByEffector: 0
  m_UsedByComposite: 0
  m_Offset: {x: 0, y: 0}
  m_SpriteTilingProperty:
    border: {x: 0, y: 0, z: 0, w: 0}
    pivot: {x: 0.5, y: 0.5}
    oldSize: {x: 0.84, y: 0.6942857}
    newSize: {x: 2.43, y: 3.2}
    adaptiveTilingThreshold: 0.5
    drawMode: 0
    adaptiveTiling: 0
  m_AutoTiling: 0
  m_Points:
    m_Paths:
    - - {x: 0.04, y: -0.2957143}
      - {x: 0.011428571, y: -0.2957143}
      - {x: -0.0028571428, y: -0.29857144}
      - {x: -0.014285714, y: -0.31571427}
      - {x: -0.014285714, y: -0.32714286}
      - {x: -0.011428571, y: -0.33571428}
      - {x: -0.0028571428, y: -0.34714285}
      - {x: 0.04, y: -0.34714285}
      - {x: 0.054285713, y: -0.33571428}
      - {x: 0.054285713, y: -0.30714285}
    - - {x: 0.12857142, y: -0.22142857}
      - {x: 0.042857144, y: -0.22142857}
      - {x: 0.034285713, y: -0.24142857}
      - {x: 0.034285713, y: -0.3042857}
      - {x: 0.04, y: -0.31285715}
      - {x: 0.13428572, y: -0.31285715}
      - {x: 0.15142857, y: -0.29285714}
      - {x: 0.15428571, y: -0.28428572}
      - {x: 0.15428571, y: -0.24428572}
    - - {x: 0.13714285, y: -0.2242857}
      - {x: 0.19714285, y: -0.21571429}
      - {x: 0.21714285, y: -0.20142856}
      - {x: 0.29714286, y: -0.18142857}
      - {x: 0.35428572, y: -0.14142857}
      - {x: 0.35999998, y: -0.095714286}
      - {x: 0.37714285, y: -0.05}
      - {x: 0.41428572, y: -0.015714286}
      - {x: 0.42, y: -0.0014285714}
      - {x: 0.42, y: 0.052857142}
      - {x: 0.40857142, y: 0.07857143}
      - {x: 0.37142858, y: 0.11285714}
      - {x: 0.33142856, y: 0.13285714}
      - {x: 0.29142857, y: 0.14142857}
      - {x: 0.29714286, y: 0.18428572}
      - {x: 0.28, y: 0.21285714}
      - {x: 0.25142857, y: 0.23285714}
      - {x: 0.23714286, y: 0.24142857}
      - {x: 0.2, y: 0.26142856}
      - {x: 0.114285715, y: 0.25285715}
      - {x: 0.08571429, y: 0.27857143}
      - {x: 0.05142857, y: 0.29857144}
      - {x: 0.011428571, y: 0.30714285}
      - {x: -0.054285713, y: 0.30714285}
      - {x: -0.09142857, y: 0.2957143}
      - {x: -0.16857143, y: 0.29}
      - {x: -0.20857142, y: 0.25}
      - {x: -0.24, y: 0.22714286}
      - {x: -0.28, y: 0.19285715}
      - {x: -0.29142857, y: 0.17571428}
      - {x: -0.34, y: 0.17857143}
      - {x: -0.3942857, y: 0.16142857}
      - {x: -0.42, y: 0.12142857}
      - {x: -0.42, y: 0.07571428}
      - {x: -0.38, y: 0.03}
      - {x: -0.37142858, y: -0.027142856}
      - {x: -0.35142857, y: -0.055714287}
      - {x: -0.33142856, y: -0.07571428}
      - {x: -0.31142858, y: -0.11857143}
      - {x: -0.28857142, y: -0.14714286}
      - {x: -0.25428572, y: -0.16142857}
      - {x: -0.1942857, y: -0.15571429}
      - {x: -0.15714286, y: -0.14428571}
      - {x: -0.12571429, y: -0.18428572}
      - {x: -0.117142856, y: -0.22714286}
      - {x: -0.074285716, y: -0.2557143}
      - {x: -0.065714285, y: -0.25857142}
      - {x: 0.011428571, y: -0.25857142}
      - {x: 0.048571426, y: -0.23}
      - {x: 0.057142857, y: -0.20714286}
      - {x: 0.1, y: -0.19285715}
    - - {x: -0.14857143, y: 0.34714285}
      - {x: -0.15428571, y: 0.33571428}
      - {x: -0.15428571, y: 0.31}
      - {x: -0.14571428, y: 0.29857144}
      - {x: -0.105714284, y: 0.29857144}
      - {x: -0.08857143, y: 0.3042857}
      - {x: -0.08857143, y: 0.3442857}
      - {x: -0.1, y: 0.34714285}
