%YAML 1.1
%TAG !u! tag:unity3d.com,2011:
--- !u!1 &1668928306342052358
GameObject:
  m_ObjectHideFlags: 0
  m_CorrespondingSourceObject: {fileID: 0}
  m_PrefabInstance: {fileID: 0}
  m_PrefabAsset: {fileID: 0}
  serializedVersion: 6
  m_Component:
  - component: {fileID: 7230341457116314783}
  - component: {fileID: 1337277491980733038}
  - component: {fileID: 7855227215805202675}
  - component: {fileID: 5859535061917552681}
  - component: {fileID: 937364377598389732}
  - component: {fileID: 347287278809668827}
  m_Layer: 0
  m_Name: Green_Tea_cloud_6
  m_TagString: Untagged
  m_Icon: {fileID: 0}
  m_NavMeshLayer: 0
  m_StaticEditorFlags: 0
  m_IsActive: 1
--- !u!4 &7230341457116314783
Transform:
  m_ObjectHideFlags: 0
  m_CorrespondingSourceObject: {fileID: 0}
  m_PrefabInstance: {fileID: 0}
  m_PrefabAsset: {fileID: 0}
  m_GameObject: {fileID: 1668928306342052358}
  m_LocalRotation: {x: 0, y: 0, z: 0, w: 1}
  m_LocalPosition: {x: -5.72, y: -0.24, z: 0}
  m_LocalScale: {x: 1, y: 1, z: 1}
  m_Children: []
  m_Father: {fileID: 0}
  m_RootOrder: 0
  m_LocalEulerAnglesHint: {x: 0, y: 0, z: 0}
--- !u!212 &1337277491980733038
SpriteRenderer:
  m_ObjectHideFlags: 0
  m_CorrespondingSourceObject: {fileID: 0}
  m_PrefabInstance: {fileID: 0}
  m_PrefabAsset: {fileID: 0}
  m_GameObject: {fileID: 1668928306342052358}
  m_Enabled: 1
  m_CastShadows: 0
  m_ReceiveShadows: 0
  m_DynamicOccludee: 1
  m_MotionVectors: 1
  m_LightProbeUsage: 1
  m_ReflectionProbeUsage: 1
  m_RenderingLayerMask: 1
  m_RendererPriority: 0
  m_Materials:
  - {fileID: 10754, guid: 0000000000000000f000000000000000, type: 0}
  m_StaticBatchInfo:
    firstSubMesh: 0
    subMeshCount: 0
  m_StaticBatchRoot: {fileID: 0}
  m_ProbeAnchor: {fileID: 0}
  m_LightProbeVolumeOverride: {fileID: 0}
  m_ScaleInLightmap: 1
  m_ReceiveGI: 1
  m_PreserveUVs: 0
  m_IgnoreNormalsForChartDetection: 0
  m_ImportantGI: 0
  m_StitchLightmapSeams: 1
  m_SelectedEditorRenderState: 0
  m_MinimumChartSize: 4
  m_AutoUVMaxDistance: 0.5
  m_AutoUVMaxAngle: 89
  m_LightmapParameters: {fileID: 0}
  m_SortingLayerID: 0
  m_SortingLayer: 0
  m_SortingOrder: 0
  m_Sprite: {fileID: 3851879994337785246, guid: 0fb2b3da3a929d8408561abae6b53140,
    type: 3}
  m_Color: {r: 1, g: 1, b: 1, a: 1}
  m_FlipX: 0
  m_FlipY: 0
  m_DrawMode: 0
  m_Size: {x: 2.43, y: 3.2}
  m_AdaptiveModeThreshold: 0.5
  m_SpriteTileMode: 0
  m_WasSpriteAssigned: 1
  m_MaskInteraction: 0
  m_SpriteSortPoint: 0
--- !u!114 &7855227215805202675
MonoBehaviour:
  m_ObjectHideFlags: 0
  m_CorrespondingSourceObject: {fileID: 0}
  m_PrefabInstance: {fileID: 0}
  m_PrefabAsset: {fileID: 0}
  m_GameObject: {fileID: 1668928306342052358}
  m_Enabled: 1
  m_EditorHideFlags: 0
  m_Script: {fileID: 11500000, guid: 16d96c95fc65b7749a2d65134de92300, type: 3}
  m_Name: 
  m_EditorClassIdentifier: 
  _moveSpeed: 3
--- !u!114 &5859535061917552681
MonoBehaviour:
  m_ObjectHideFlags: 0
  m_CorrespondingSourceObject: {fileID: 0}
  m_PrefabInstance: {fileID: 0}
  m_PrefabAsset: {fileID: 0}
  m_GameObject: {fileID: 1668928306342052358}
  m_Enabled: 1
  m_EditorHideFlags: 0
  m_Script: {fileID: 11500000, guid: 056832e0bfeb07e44bff241ec408da4e, type: 3}
  m_Name: 
  m_EditorClassIdentifier: 
  multiplier: 2
--- !u!114 &937364377598389732
MonoBehaviour:
  m_ObjectHideFlags: 0
  m_CorrespondingSourceObject: {fileID: 0}
  m_PrefabInstance: {fileID: 0}
  m_PrefabAsset: {fileID: 0}
  m_GameObject: {fileID: 1668928306342052358}
  m_Enabled: 1
  m_EditorHideFlags: 0
  m_Script: {fileID: 11500000, guid: 131fdec8e9419e74ea6732776083ddb5, type: 3}
  m_Name: 
  m_EditorClassIdentifier: 
--- !u!60 &347287278809668827
PolygonCollider2D:
  m_ObjectHideFlags: 0
  m_CorrespondingSourceObject: {fileID: 0}
  m_PrefabInstance: {fileID: 0}
  m_PrefabAsset: {fileID: 0}
  m_GameObject: {fileID: 1668928306342052358}
  m_Enabled: 1
  m_Density: 1
  m_Material: {fileID: 0}
  m_IsTrigger: 1
  m_UsedByEffector: 0
  m_UsedByComposite: 0
  m_Offset: {x: 0, y: 0}
  m_SpriteTilingProperty:
    border: {x: 0, y: 0, z: 0, w: 0}
    pivot: {x: 0.5, y: 0.5}
    oldSize: {x: 0.7828571, y: 0.74}
    newSize: {x: 2.43, y: 3.2}
    adaptiveTilingThreshold: 0.5
    drawMode: 0
    adaptiveTiling: 0
  m_AutoTiling: 0
  m_Points:
    m_Paths:
    - - {x: -0.15142857, y: -0.2642857}
      - {x: -0.17428571, y: -0.27571428}
      - {x: -0.17428571, y: -0.3585714}
      - {x: -0.16571428, y: -0.37}
      - {x: -0.025714286, y: -0.37}
      - {x: -0.022857143, y: -0.36142856}
      - {x: -0.022857143, y: -0.30142856}
      - {x: -0.037142858, y: -0.2642857}
    - - {x: -0.20857142, y: -0.13}
      - {x: -0.24285714, y: -0.12714286}
      - {x: -0.30285713, y: -0.12714286}
      - {x: -0.35428572, y: -0.14428571}
      - {x: -0.38, y: -0.17571428}
      - {x: -0.3885714, y: -0.19}
      - {x: -0.3885714, y: -0.24142857}
      - {x: -0.35428572, y: -0.28142858}
      - {x: -0.31142858, y: -0.30142856}
      - {x: -0.25428572, y: -0.30142856}
      - {x: -0.22857143, y: -0.29857144}
      - {x: -0.17999999, y: -0.27857143}
      - {x: -0.15428571, y: -0.23857142}
      - {x: -0.15428571, y: -0.17857143}
    - - {x: -0.14285713, y: -0.18428572}
      - {x: -0.15142857, y: -0.19571428}
      - {x: -0.15142857, y: -0.24714285}
      - {x: -0.13714285, y: -0.25285715}
      - {x: -0.068571426, y: -0.25285715}
      - {x: -0.06, y: -0.23571429}
      - {x: -0.06, y: -0.19285715}
      - {x: -0.08, y: -0.18428572}
    - - {x: 0.28, y: -0.092857145}
      - {x: 0.29142857, y: -0.058571428}
      - {x: 0.29142857, y: -0.007142857}
      - {x: 0.26857144, y: 0.032857142}
      - {x: 0.24, y: 0.052857142}
      - {x: 0.17428571, y: 0.08142857}
      - {x: 0.18857142, y: 0.14999999}
      - {x: 0.15428571, y: 0.21857142}
      - {x: 0.117142856, y: 0.24714285}
      - {x: 0.06285714, y: 0.27571428}
      - {x: 0.02, y: 0.28714284}
      - {x: -0.07714286, y: 0.28714284}
      - {x: -0.111428574, y: 0.28428572}
      - {x: -0.16, y: 0.27}
      - {x: -0.21142857, y: 0.23285714}
      - {x: -0.24285714, y: 0.19571428}
      - {x: -0.25714284, y: 0.16142857}
      - {x: -0.25714284, y: 0.11}
      - {x: -0.25428572, y: 0.07857143}
      - {x: -0.23714286, y: 0.052857142}
      - {x: -0.17999999, y: 0.0014285714}
      - {x: -0.16857143, y: -0.055714287}
      - {x: -0.14857143, y: -0.087142855}
      - {x: -0.12, y: -0.09857143}
      - {x: -0.108571425, y: -0.10142857}
      - {x: -0.08857143, y: -0.11857143}
      - {x: -0.08571429, y: -0.14714286}
      - {x: -0.08, y: -0.15857142}
      - {x: -0.04, y: -0.19285715}
      - {x: 0.048571426, y: -0.19285715}
      - {x: 0.111428574, y: -0.14714286}
      - {x: 0.1942857, y: -0.14142857}
      - {x: 0.22, y: -0.13571428}
    - - {x: 0.36857143, y: 0.3642857}
      - {x: 0.33714285, y: 0.37}
      - {x: 0.22857143, y: 0.37}
      - {x: 0.18857142, y: 0.33571428}
      - {x: 0.18285714, y: 0.32428572}
      - {x: 0.18285714, y: 0.26714286}
      - {x: 0.21428572, y: 0.23}
      - {x: 0.25142857, y: 0.21857142}
      - {x: 0.3257143, y: 0.21857142}
      - {x: 0.36571428, y: 0.23285714}
      - {x: 0.39142856, y: 0.27285713}
      - {x: 0.39142856, y: 0.31857142}
    - - {x: 0.15142857, y: 0.34142858}
      - {x: 0.08285714, y: 0.34142858}
      - {x: 0.06285714, y: 0.31571427}
      - {x: 0.06285714, y: 0.26714286}
      - {x: 0.08571429, y: 0.26142856}
      - {x: 0.16285715, y: 0.26142856}
      - {x: 0.17142858, y: 0.27285713}
      - {x: 0.17142858, y: 0.31571427}
      - {x: 0.16285715, y: 0.33857143}
