%YAML 1.1
%TAG !u! tag:unity3d.com,2011:
--- !u!1 &5590177044689200699
GameObject:
  m_ObjectHideFlags: 0
  m_CorrespondingSourceObject: {fileID: 0}
  m_PrefabInstance: {fileID: 0}
  m_PrefabAsset: {fileID: 0}
  serializedVersion: 6
  m_Component:
  - component: {fileID: 2031669913702285816}
  - component: {fileID: 6668235147155914461}
  - component: {fileID: 5344318249550139549}
  - component: {fileID: 7039970549045941079}
  - component: {fileID: 2379881961203740813}
  - component: {fileID: 3338092931497993635}
  m_Layer: 0
  m_Name: Jasmijn_cloud_4
  m_TagString: Untagged
  m_Icon: {fileID: 0}
  m_NavMeshLayer: 0
  m_StaticEditorFlags: 0
  m_IsActive: 1
--- !u!4 &2031669913702285816
Transform:
  m_ObjectHideFlags: 0
  m_CorrespondingSourceObject: {fileID: 0}
  m_PrefabInstance: {fileID: 0}
  m_PrefabAsset: {fileID: 0}
  m_GameObject: {fileID: 5590177044689200699}
  m_LocalRotation: {x: 0, y: 0, z: 0, w: 1}
  m_LocalPosition: {x: -5.72, y: -0.24, z: 0}
  m_LocalScale: {x: 1, y: 1, z: 1}
  m_Children: []
  m_Father: {fileID: 0}
  m_RootOrder: 0
  m_LocalEulerAnglesHint: {x: 0, y: 0, z: 0}
--- !u!212 &6668235147155914461
SpriteRenderer:
  m_ObjectHideFlags: 0
  m_CorrespondingSourceObject: {fileID: 0}
  m_PrefabInstance: {fileID: 0}
  m_PrefabAsset: {fileID: 0}
  m_GameObject: {fileID: 5590177044689200699}
  m_Enabled: 1
  m_CastShadows: 0
  m_ReceiveShadows: 0
  m_DynamicOccludee: 1
  m_MotionVectors: 1
  m_LightProbeUsage: 1
  m_ReflectionProbeUsage: 1
  m_RenderingLayerMask: 1
  m_RendererPriority: 0
  m_Materials:
  - {fileID: 10754, guid: 0000000000000000f000000000000000, type: 0}
  m_StaticBatchInfo:
    firstSubMesh: 0
    subMeshCount: 0
  m_StaticBatchRoot: {fileID: 0}
  m_ProbeAnchor: {fileID: 0}
  m_LightProbeVolumeOverride: {fileID: 0}
  m_ScaleInLightmap: 1
  m_ReceiveGI: 1
  m_PreserveUVs: 0
  m_IgnoreNormalsForChartDetection: 0
  m_ImportantGI: 0
  m_StitchLightmapSeams: 1
  m_SelectedEditorRenderState: 0
  m_MinimumChartSize: 4
  m_AutoUVMaxDistance: 0.5
  m_AutoUVMaxAngle: 89
  m_LightmapParameters: {fileID: 0}
  m_SortingLayerID: 0
  m_SortingLayer: 0
  m_SortingOrder: 0
  m_Sprite: {fileID: 6198696766419365051, guid: 6c94c165de4671540ac27341ff1e0864,
    type: 3}
  m_Color: {r: 1, g: 1, b: 1, a: 1}
  m_FlipX: 0
  m_FlipY: 0
  m_DrawMode: 0
  m_Size: {x: 2.43, y: 3.2}
  m_AdaptiveModeThreshold: 0.5
  m_SpriteTileMode: 0
  m_WasSpriteAssigned: 1
  m_MaskInteraction: 0
  m_SpriteSortPoint: 0
--- !u!114 &5344318249550139549
MonoBehaviour:
  m_ObjectHideFlags: 0
  m_CorrespondingSourceObject: {fileID: 0}
  m_PrefabInstance: {fileID: 0}
  m_PrefabAsset: {fileID: 0}
  m_GameObject: {fileID: 5590177044689200699}
  m_Enabled: 1
  m_EditorHideFlags: 0
  m_Script: {fileID: 11500000, guid: 16d96c95fc65b7749a2d65134de92300, type: 3}
  m_Name: 
  m_EditorClassIdentifier: 
  _moveSpeed: 3
--- !u!114 &7039970549045941079
MonoBehaviour:
  m_ObjectHideFlags: 0
  m_CorrespondingSourceObject: {fileID: 0}
  m_PrefabInstance: {fileID: 0}
  m_PrefabAsset: {fileID: 0}
  m_GameObject: {fileID: 5590177044689200699}
  m_Enabled: 1
  m_EditorHideFlags: 0
  m_Script: {fileID: 11500000, guid: 056832e0bfeb07e44bff241ec408da4e, type: 3}
  m_Name: 
  m_EditorClassIdentifier: 
  multiplier: 2
--- !u!114 &2379881961203740813
MonoBehaviour:
  m_ObjectHideFlags: 0
  m_CorrespondingSourceObject: {fileID: 0}
  m_PrefabInstance: {fileID: 0}
  m_PrefabAsset: {fileID: 0}
  m_GameObject: {fileID: 5590177044689200699}
  m_Enabled: 1
  m_EditorHideFlags: 0
  m_Script: {fileID: 11500000, guid: 131fdec8e9419e74ea6732776083ddb5, type: 3}
  m_Name: 
  m_EditorClassIdentifier: 
--- !u!60 &3338092931497993635
PolygonCollider2D:
  m_ObjectHideFlags: 0
  m_CorrespondingSourceObject: {fileID: 0}
  m_PrefabInstance: {fileID: 0}
  m_PrefabAsset: {fileID: 0}
  m_GameObject: {fileID: 5590177044689200699}
  m_Enabled: 1
  m_Density: 1
  m_Material: {fileID: 0}
  m_IsTrigger: 1
  m_UsedByEffector: 0
  m_UsedByComposite: 0
  m_Offset: {x: 0, y: 0}
  m_SpriteTilingProperty:
    border: {x: 0, y: 0, z: 0, w: 0}
    pivot: {x: 0.5, y: 0.5}
    oldSize: {x: 0.89428574, y: 0.8971428}
    newSize: {x: 2.43, y: 3.2}
    adaptiveTilingThreshold: 0.5
    drawMode: 0
    adaptiveTiling: 0
  m_AutoTiling: 0
  m_Points:
    m_Paths:
    - - {x: 0.052857142, y: -0.4342857}
      - {x: 0.06428571, y: -0.4485714}
      - {x: 0.092857145, y: -0.4485714}
      - {x: 0.10428571, y: -0.44285715}
      - {x: 0.10428571, y: -0.42285714}
      - {x: 0.095714286, y: -0.40857142}
      - {x: 0.06428571, y: -0.40857142}
      - {x: 0.052857142, y: -0.42285714}
    - - {x: 0.2957143, y: -0.25428572}
      - {x: 0.28714284, y: -0.24285714}
      - {x: 0.26714286, y: -0.21714285}
      - {x: 0.23285714, y: -0.20285714}
      - {x: 0.24714285, y: -0.18857142}
      - {x: 0.27, y: -0.15428571}
      - {x: 0.35285714, y: -0.16}
      - {x: 0.4185714, y: -0.12857142}
      - {x: 0.44428572, y: -0.09714285}
      - {x: 0.44714284, y: -0.074285716}
      - {x: 0.44714284, y: -0.028571429}
      - {x: 0.43571427, y: -0.0028571428}
      - {x: 0.37857142, y: 0.037142858}
      - {x: 0.38714287, y: 0.08285714}
      - {x: 0.37, y: 0.117142856}
      - {x: 0.33285713, y: 0.14285713}
      - {x: 0.29, y: 0.16285715}
      - {x: 0.21285714, y: 0.16285715}
      - {x: 0.21, y: 0.18285714}
      - {x: 0.20428571, y: 0.22571428}
      - {x: 0.19571428, y: 0.24571428}
      - {x: 0.15285714, y: 0.28}
      - {x: 0.08142857, y: 0.28}
      - {x: 0.007142857, y: 0.28857142}
      - {x: -0.004285714, y: 0.32285714}
      - {x: -0.03, y: 0.36285713}
      - {x: -0.06142857, y: 0.37714285}
      - {x: -0.12142857, y: 0.37714285}
      - {x: -0.16142857, y: 0.36571428}
      - {x: -0.18714285, y: 0.3257143}
      - {x: -0.18714285, y: 0.29714286}
      - {x: -0.16714285, y: 0.26}
      - {x: -0.13285714, y: 0.23714286}
      - {x: -0.19285715, y: 0.21142857}
      - {x: -0.25, y: 0.20571429}
      - {x: -0.30714285, y: 0.1942857}
      - {x: -0.33285713, y: 0.17999999}
      - {x: -0.3642857, y: 0.14285713}
      - {x: -0.37, y: 0.12285714}
      - {x: -0.37, y: 0.08571429}
      - {x: -0.37285715, y: 0.06}
      - {x: -0.41, y: 0.037142858}
      - {x: -0.43, y: 0.017142856}
      - {x: -0.44428572, y: -0.014285714}
      - {x: -0.44428572, y: -0.05142857}
      - {x: -0.43, y: -0.08285714}
      - {x: -0.4042857, y: -0.114285715}
      - {x: -0.32999998, y: -0.13714285}
      - {x: -0.2957143, y: -0.13142857}
      - {x: -0.27857143, y: -0.15714286}
      - {x: -0.23857142, y: -0.18857142}
      - {x: -0.22714286, y: -0.26}
      - {x: -0.16428572, y: -0.2942857}
      - {x: -0.084285714, y: -0.28285715}
      - {x: -0.055714287, y: -0.24857143}
      - {x: -0.03857143, y: -0.26285714}
      - {x: 0.01, y: -0.28285715}
      - {x: 0.06428571, y: -0.28285715}
      - {x: 0.07857143, y: -0.28}
      - {x: 0.09857143, y: -0.2742857}
      - {x: 0.07571428, y: -0.28285715}
      - {x: 0.058571428, y: -0.28857142}
      - {x: 0.032857142, y: -0.32}
      - {x: 0.032857142, y: -0.34857142}
      - {x: 0.055714287, y: -0.38285714}
      - {x: 0.07, y: -0.39142856}
      - {x: 0.13857143, y: -0.39142856}
      - {x: 0.16714285, y: -0.3857143}
      - {x: 0.19, y: -0.35142857}
      - {x: 0.25857142, y: -0.32285714}
      - {x: 0.29, y: -0.29714286}
    - - {x: -0.13857143, y: -0.29999998}
      - {x: -0.14714286, y: -0.32285714}
      - {x: -0.14714286, y: -0.35714287}
      - {x: -0.13571428, y: -0.36571428}
      - {x: -0.11857143, y: -0.36857143}
      - {x: -0.07, y: -0.36857143}
      - {x: -0.052857142, y: -0.36285713}
      - {x: -0.052857142, y: -0.31142858}
      - {x: -0.055714287, y: -0.29999998}
    - - {x: 0.27571428, y: -0.15428571}
      - {x: 0.2642857, y: -0.17142858}
      - {x: 0.2642857, y: -0.18285714}
      - {x: 0.27571428, y: -0.1942857}
      - {x: 0.30714285, y: -0.1942857}
      - {x: 0.31571427, y: -0.18857142}
      - {x: 0.31571427, y: -0.16857143}
      - {x: 0.31, y: -0.15428571}
    - - {x: -0.024285713, y: 0.38}
      - {x: -0.01, y: 0.35999998}
      - {x: 0.07285714, y: 0.35999998}
      - {x: 0.09857143, y: 0.37142858}
      - {x: 0.09857143, y: 0.44}
      - {x: 0.092857145, y: 0.4485714}
      - {x: 0.0014285714, y: 0.4485714}
      - {x: -0.024285713, y: 0.42285714}
