%YAML 1.1
%TAG !u! tag:unity3d.com,2011:
--- !u!1 &4309031724103528431
GameObject:
  m_ObjectHideFlags: 0
  m_CorrespondingSourceObject: {fileID: 0}
  m_PrefabInstance: {fileID: 0}
  m_PrefabAsset: {fileID: 0}
  serializedVersion: 6
  m_Component:
  - component: {fileID: 4134136187755685912}
  - component: {fileID: 5899382345534780991}
  - component: {fileID: 7594482385269629793}
  - component: {fileID: 6740575769642368563}
  - component: {fileID: 5344889605467476168}
  - component: {fileID: 2176077292092054999}
  m_Layer: 0
  m_Name: Kruidnagel_cloud_2
  m_TagString: Untagged
  m_Icon: {fileID: 0}
  m_NavMeshLayer: 0
  m_StaticEditorFlags: 0
  m_IsActive: 1
--- !u!4 &4134136187755685912
Transform:
  m_ObjectHideFlags: 0
  m_CorrespondingSourceObject: {fileID: 0}
  m_PrefabInstance: {fileID: 0}
  m_PrefabAsset: {fileID: 0}
  m_GameObject: {fileID: 4309031724103528431}
  m_LocalRotation: {x: 0, y: 0, z: 0, w: 1}
  m_LocalPosition: {x: -5.72, y: -0.24, z: 0}
  m_LocalScale: {x: 1, y: 1, z: 1}
  m_Children: []
  m_Father: {fileID: 0}
  m_RootOrder: 0
  m_LocalEulerAnglesHint: {x: 0, y: 0, z: 0}
--- !u!212 &5899382345534780991
SpriteRenderer:
  m_ObjectHideFlags: 0
  m_CorrespondingSourceObject: {fileID: 0}
  m_PrefabInstance: {fileID: 0}
  m_PrefabAsset: {fileID: 0}
  m_GameObject: {fileID: 4309031724103528431}
  m_Enabled: 1
  m_CastShadows: 0
  m_ReceiveShadows: 0
  m_DynamicOccludee: 1
  m_MotionVectors: 1
  m_LightProbeUsage: 1
  m_ReflectionProbeUsage: 1
  m_RenderingLayerMask: 1
  m_RendererPriority: 0
  m_Materials:
  - {fileID: 10754, guid: 0000000000000000f000000000000000, type: 0}
  m_StaticBatchInfo:
    firstSubMesh: 0
    subMeshCount: 0
  m_StaticBatchRoot: {fileID: 0}
  m_ProbeAnchor: {fileID: 0}
  m_LightProbeVolumeOverride: {fileID: 0}
  m_ScaleInLightmap: 1
  m_ReceiveGI: 1
  m_PreserveUVs: 0
  m_IgnoreNormalsForChartDetection: 0
  m_ImportantGI: 0
  m_StitchLightmapSeams: 1
  m_SelectedEditorRenderState: 0
  m_MinimumChartSize: 4
  m_AutoUVMaxDistance: 0.5
  m_AutoUVMaxAngle: 89
  m_LightmapParameters: {fileID: 0}
  m_SortingLayerID: 0
  m_SortingLayer: 0
  m_SortingOrder: 0
  m_Sprite: {fileID: 245510507484219015, guid: ed7689d1da7b1204abee3a59f6a6fc61, type: 3}
  m_Color: {r: 1, g: 1, b: 1, a: 1}
  m_FlipX: 0
  m_FlipY: 0
  m_DrawMode: 0
  m_Size: {x: 2.43, y: 3.2}
  m_AdaptiveModeThreshold: 0.5
  m_SpriteTileMode: 0
  m_WasSpriteAssigned: 1
  m_MaskInteraction: 0
  m_SpriteSortPoint: 0
--- !u!114 &7594482385269629793
MonoBehaviour:
  m_ObjectHideFlags: 0
  m_CorrespondingSourceObject: {fileID: 0}
  m_PrefabInstance: {fileID: 0}
  m_PrefabAsset: {fileID: 0}
  m_GameObject: {fileID: 4309031724103528431}
  m_Enabled: 1
  m_EditorHideFlags: 0
  m_Script: {fileID: 11500000, guid: 16d96c95fc65b7749a2d65134de92300, type: 3}
  m_Name: 
  m_EditorClassIdentifier: 
  _moveSpeed: 3
--- !u!114 &6740575769642368563
MonoBehaviour:
  m_ObjectHideFlags: 0
  m_CorrespondingSourceObject: {fileID: 0}
  m_PrefabInstance: {fileID: 0}
  m_PrefabAsset: {fileID: 0}
  m_GameObject: {fileID: 4309031724103528431}
  m_Enabled: 1
  m_EditorHideFlags: 0
  m_Script: {fileID: 11500000, guid: 056832e0bfeb07e44bff241ec408da4e, type: 3}
  m_Name: 
  m_EditorClassIdentifier: 
  multiplier: 2
--- !u!114 &5344889605467476168
MonoBehaviour:
  m_ObjectHideFlags: 0
  m_CorrespondingSourceObject: {fileID: 0}
  m_PrefabInstance: {fileID: 0}
  m_PrefabAsset: {fileID: 0}
  m_GameObject: {fileID: 4309031724103528431}
  m_Enabled: 1
  m_EditorHideFlags: 0
  m_Script: {fileID: 11500000, guid: 131fdec8e9419e74ea6732776083ddb5, type: 3}
  m_Name: 
  m_EditorClassIdentifier: 
--- !u!60 &2176077292092054999
PolygonCollider2D:
  m_ObjectHideFlags: 0
  m_CorrespondingSourceObject: {fileID: 0}
  m_PrefabInstance: {fileID: 0}
  m_PrefabAsset: {fileID: 0}
  m_GameObject: {fileID: 4309031724103528431}
  m_Enabled: 1
  m_Density: 1
  m_Material: {fileID: 0}
  m_IsTrigger: 1
  m_UsedByEffector: 0
  m_UsedByComposite: 0
  m_Offset: {x: 0, y: 0}
  m_SpriteTilingProperty:
    border: {x: 0, y: 0, z: 0, w: 0}
    pivot: {x: 0.5, y: 0.5}
    oldSize: {x: 0.79714286, y: 0.69142854}
    newSize: {x: 2.43, y: 3.2}
    adaptiveTilingThreshold: 0.5
    drawMode: 0
    adaptiveTiling: 0
  m_AutoTiling: 0
  m_Points:
    m_Paths:
    - - {x: -0.19, y: -0.34285715}
      - {x: -0.18428572, y: -0.34571427}
      - {x: -0.12142857, y: -0.34571427}
      - {x: -0.11, y: -0.34}
      - {x: -0.11, y: -0.29714286}
      - {x: -0.11285714, y: -0.28857142}
      - {x: -0.18142857, y: -0.28857142}
      - {x: -0.19, y: -0.31142858}
    - - {x: 0.21857142, y: -0.24}
      - {x: 0.24142857, y: -0.21142857}
      - {x: 0.2557143, y: -0.17999999}
      - {x: 0.25285715, y: -0.14857143}
      - {x: 0.23571429, y: -0.12285714}
      - {x: 0.22142857, y: -0.09142857}
      - {x: 0.23285714, y: -0.06}
      - {x: 0.19857143, y: -0.011428571}
      - {x: 0.19857143, y: 0.011428571}
      - {x: 0.21857142, y: -0.008571428}
      - {x: 0.25, y: -0.017142856}
      - {x: 0.30142856, y: -0.017142856}
      - {x: 0.33857143, y: 0.0057142857}
      - {x: 0.3642857, y: 0.048571426}
      - {x: 0.39857143, y: 0.10285714}
      - {x: 0.39857143, y: 0.2}
      - {x: 0.39, y: 0.22}
      - {x: 0.34714285, y: 0.27142856}
      - {x: 0.30714285, y: 0.28857142}
      - {x: 0.2557143, y: 0.29999998}
      - {x: 0.22142857, y: 0.29999998}
      - {x: 0.17, y: 0.28857142}
      - {x: 0.14142857, y: 0.27142856}
      - {x: 0.10428571, y: 0.24}
      - {x: 0.07285714, y: 0.22857143}
      - {x: -0.007142857, y: 0.22571428}
      - {x: 0.021428572, y: 0.28}
      - {x: 0.024285713, y: 0.30571428}
      - {x: -0.004285714, y: 0.34571427}
      - {x: -0.10142857, y: 0.34571427}
      - {x: -0.14999999, y: 0.34285715}
      - {x: -0.19285715, y: 0.33714285}
      - {x: -0.24142857, y: 0.29714286}
      - {x: -0.25857142, y: 0.25142857}
      - {x: -0.2557143, y: 0.21428572}
      - {x: -0.31285715, y: 0.18571429}
      - {x: -0.36142856, y: 0.13428572}
      - {x: -0.3557143, y: 0.08857143}
      - {x: -0.3442857, y: 0.068571426}
      - {x: -0.31, y: 0.037142858}
      - {x: -0.27285713, y: 0.008571428}
      - {x: -0.30714285, y: 0.017142856}
      - {x: -0.36714286, y: 0.011428571}
      - {x: -0.39571428, y: -0.017142856}
      - {x: -0.39857143, y: -0.028571429}
      - {x: -0.39857143, y: -0.057142857}
      - {x: -0.37285715, y: -0.08857143}
      - {x: -0.35285714, y: -0.09714285}
      - {x: -0.30142856, y: -0.1}
      - {x: -0.29285714, y: -0.117142856}
      - {x: -0.25285715, y: -0.15714286}
      - {x: -0.20428571, y: -0.17714286}
      - {x: -0.17857143, y: -0.18285714}
      - {x: -0.11857143, y: -0.18571429}
      - {x: -0.08142857, y: -0.17714286}
      - {x: -0.07, y: -0.1942857}
      - {x: -0.087142855, y: -0.21714285}
      - {x: -0.087142855, y: -0.24}
      - {x: -0.06142857, y: -0.26857144}
      - {x: -0.03857143, y: -0.2742857}
      - {x: -0.012857143, y: -0.2742857}
      - {x: 0.055714287, y: -0.26285714}
      - {x: 0.07857143, y: -0.26857144}
      - {x: 0.13285714, y: -0.26857144}
      - {x: 0.17285714, y: -0.26285714}
    - - {x: 0.31857142, y: 0.0028571428}
      - {x: 0.31285715, y: -0.014285714}
      - {x: 0.31285715, y: -0.042857144}
      - {x: 0.32714286, y: -0.054285713}
      - {x: 0.38142857, y: -0.054285713}
      - {x: 0.39285713, y: -0.037142858}
      - {x: 0.39285713, y: -0.0028571428}
      - {x: 0.37857142, y: 0.0028571428}
