%YAML 1.1
%TAG !u! tag:unity3d.com,2011:
--- !u!1 &8497687425403686321
GameObject:
  m_ObjectHideFlags: 0
  m_CorrespondingSourceObject: {fileID: 0}
  m_PrefabInstance: {fileID: 0}
  m_PrefabAsset: {fileID: 0}
  serializedVersion: 6
  m_Component:
  - component: {fileID: 1899170296642047252}
  - component: {fileID: 642297959027241534}
  - component: {fileID: 8391508139946129798}
  - component: {fileID: 3806443448752695168}
  - component: {fileID: 7286890210122214562}
  - component: {fileID: 8522008908467507420}
  m_Layer: 0
  m_Name: Roos_cloud_5
  m_TagString: Untagged
  m_Icon: {fileID: 0}
  m_NavMeshLayer: 0
  m_StaticEditorFlags: 0
  m_IsActive: 1
--- !u!4 &1899170296642047252
Transform:
  m_ObjectHideFlags: 0
  m_CorrespondingSourceObject: {fileID: 0}
  m_PrefabInstance: {fileID: 0}
  m_PrefabAsset: {fileID: 0}
  m_GameObject: {fileID: 8497687425403686321}
  m_LocalRotation: {x: 0, y: 0, z: 0, w: 1}
  m_LocalPosition: {x: -5.72, y: -0.24, z: 0}
  m_LocalScale: {x: 1, y: 1, z: 1}
  m_Children: []
  m_Father: {fileID: 0}
  m_RootOrder: 0
  m_LocalEulerAnglesHint: {x: 0, y: 0, z: 0}
--- !u!212 &642297959027241534
SpriteRenderer:
  m_ObjectHideFlags: 0
  m_CorrespondingSourceObject: {fileID: 0}
  m_PrefabInstance: {fileID: 0}
  m_PrefabAsset: {fileID: 0}
  m_GameObject: {fileID: 8497687425403686321}
  m_Enabled: 1
  m_CastShadows: 0
  m_ReceiveShadows: 0
  m_DynamicOccludee: 1
  m_MotionVectors: 1
  m_LightProbeUsage: 1
  m_ReflectionProbeUsage: 1
  m_RenderingLayerMask: 1
  m_RendererPriority: 0
  m_Materials:
  - {fileID: 10754, guid: 0000000000000000f000000000000000, type: 0}
  m_StaticBatchInfo:
    firstSubMesh: 0
    subMeshCount: 0
  m_StaticBatchRoot: {fileID: 0}
  m_ProbeAnchor: {fileID: 0}
  m_LightProbeVolumeOverride: {fileID: 0}
  m_ScaleInLightmap: 1
  m_ReceiveGI: 1
  m_PreserveUVs: 0
  m_IgnoreNormalsForChartDetection: 0
  m_ImportantGI: 0
  m_StitchLightmapSeams: 1
  m_SelectedEditorRenderState: 0
  m_MinimumChartSize: 4
  m_AutoUVMaxDistance: 0.5
  m_AutoUVMaxAngle: 89
  m_LightmapParameters: {fileID: 0}
  m_SortingLayerID: 0
  m_SortingLayer: 0
  m_SortingOrder: 0
  m_Sprite: {fileID: 1889639462111989162, guid: cf36a90d0ddff854ab5f5dc497e86daf,
    type: 3}
  m_Color: {r: 1, g: 1, b: 1, a: 1}
  m_FlipX: 0
  m_FlipY: 0
  m_DrawMode: 0
  m_Size: {x: 2.43, y: 3.2}
  m_AdaptiveModeThreshold: 0.5
  m_SpriteTileMode: 0
  m_WasSpriteAssigned: 1
  m_MaskInteraction: 0
  m_SpriteSortPoint: 0
--- !u!114 &8391508139946129798
MonoBehaviour:
  m_ObjectHideFlags: 0
  m_CorrespondingSourceObject: {fileID: 0}
  m_PrefabInstance: {fileID: 0}
  m_PrefabAsset: {fileID: 0}
  m_GameObject: {fileID: 8497687425403686321}
  m_Enabled: 1
  m_EditorHideFlags: 0
  m_Script: {fileID: 11500000, guid: 16d96c95fc65b7749a2d65134de92300, type: 3}
  m_Name: 
  m_EditorClassIdentifier: 
  _moveSpeed: 3
--- !u!114 &3806443448752695168
MonoBehaviour:
  m_ObjectHideFlags: 0
  m_CorrespondingSourceObject: {fileID: 0}
  m_PrefabInstance: {fileID: 0}
  m_PrefabAsset: {fileID: 0}
  m_GameObject: {fileID: 8497687425403686321}
  m_Enabled: 1
  m_EditorHideFlags: 0
  m_Script: {fileID: 11500000, guid: 056832e0bfeb07e44bff241ec408da4e, type: 3}
  m_Name: 
  m_EditorClassIdentifier: 
  multiplier: 2
--- !u!114 &7286890210122214562
MonoBehaviour:
  m_ObjectHideFlags: 0
  m_CorrespondingSourceObject: {fileID: 0}
  m_PrefabInstance: {fileID: 0}
  m_PrefabAsset: {fileID: 0}
  m_GameObject: {fileID: 8497687425403686321}
  m_Enabled: 1
  m_EditorHideFlags: 0
  m_Script: {fileID: 11500000, guid: 131fdec8e9419e74ea6732776083ddb5, type: 3}
  m_Name: 
  m_EditorClassIdentifier: 
--- !u!60 &8522008908467507420
PolygonCollider2D:
  m_ObjectHideFlags: 0
  m_CorrespondingSourceObject: {fileID: 0}
  m_PrefabInstance: {fileID: 0}
  m_PrefabAsset: {fileID: 0}
  m_GameObject: {fileID: 8497687425403686321}
  m_Enabled: 1
  m_Density: 1
  m_Material: {fileID: 0}
  m_IsTrigger: 1
  m_UsedByEffector: 0
  m_UsedByComposite: 0
  m_Offset: {x: 0, y: 0}
  m_SpriteTilingProperty:
    border: {x: 0, y: 0, z: 0, w: 0}
    pivot: {x: 0.5, y: 0.5}
    oldSize: {x: 0.92, y: 1.04}
    newSize: {x: 2.43, y: 3.2}
    adaptiveTilingThreshold: 0.5
    drawMode: 0
    adaptiveTiling: 0
  m_AutoTiling: 0
  m_Points:
    m_Paths:
    - - {x: 0.09714285, y: -0.32857144}
      - {x: 0.12571429, y: -0.33714285}
      - {x: 0.17999999, y: -0.3342857}
      - {x: 0.22, y: -0.32285714}
      - {x: 0.26285714, y: -0.27142856}
      - {x: 0.24857143, y: -0.1942857}
      - {x: 0.31428573, y: -0.13428572}
      - {x: 0.33142856, y: -0.10285714}
      - {x: 0.39714286, y: -0.09428571}
      - {x: 0.42285714, y: -0.08285714}
      - {x: 0.45714286, y: -0.037142858}
      - {x: 0.45714286, y: 0.014285714}
      - {x: 0.42857143, y: 0.054285713}
      - {x: 0.4, y: 0.068571426}
      - {x: 0.41428572, y: 0.1}
      - {x: 0.41142857, y: 0.13714285}
      - {x: 0.40571427, y: 0.16}
      - {x: 0.36571428, y: 0.1942857}
      - {x: 0.31714284, y: 0.20571429}
      - {x: 0.28857142, y: 0.23428571}
      - {x: 0.24, y: 0.28857142}
      - {x: 0.14857143, y: 0.33142856}
      - {x: 0.14571428, y: 0.36857143}
      - {x: 0.13142857, y: 0.3942857}
      - {x: 0.09142857, y: 0.40285712}
      - {x: 0.06, y: 0.40285712}
      - {x: 0.048571426, y: 0.4}
      - {x: 0.017142856, y: 0.3742857}
      - {x: -0.034285713, y: 0.37714285}
      - {x: -0.08571429, y: 0.34857142}
      - {x: -0.1, y: 0.32285714}
      - {x: -0.15428571, y: 0.33714285}
      - {x: -0.20571429, y: 0.3342857}
      - {x: -0.24857143, y: 0.31428573}
      - {x: -0.2742857, y: 0.2942857}
      - {x: -0.2942857, y: 0.25714284}
      - {x: -0.29142857, y: 0.22571428}
      - {x: -0.2657143, y: 0.19142857}
      - {x: -0.29999998, y: 0.16285715}
      - {x: -0.35999998, y: 0.15714286}
      - {x: -0.40857142, y: 0.12}
      - {x: -0.41714284, y: 0.09714285}
      - {x: -0.41428572, y: 0.06}
      - {x: -0.40857142, y: 0.045714285}
      - {x: -0.35999998, y: 0.008571428}
      - {x: -0.28, y: -0.02}
      - {x: -0.35714287, y: -0.03142857}
      - {x: -0.3942857, y: -0.042857144}
      - {x: -0.40857142, y: -0.048571426}
      - {x: -0.44285715, y: -0.074285716}
      - {x: -0.45714286, y: -0.1}
      - {x: -0.45714286, y: -0.15428571}
      - {x: -0.42, y: -0.21142857}
      - {x: -0.35714287, y: -0.22571428}
      - {x: -0.2942857, y: -0.22285715}
      - {x: -0.21428572, y: -0.21428572}
      - {x: -0.19142857, y: -0.20571429}
      - {x: -0.17142858, y: -0.17999999}
      - {x: -0.17142858, y: -0.16285715}
      - {x: -0.19142857, y: -0.13714285}
      - {x: -0.17142858, y: -0.114285715}
      - {x: -0.17142858, y: -0.15428571}
      - {x: -0.16571428, y: -0.17714286}
      - {x: -0.14, y: -0.20285714}
      - {x: -0.16285715, y: -0.25428572}
      - {x: -0.17428571, y: -0.31428573}
      - {x: -0.17142858, y: -0.3885714}
      - {x: -0.16, y: -0.4}
      - {x: -0.14857143, y: -0.39714286}
      - {x: -0.12285714, y: -0.28}
      - {x: -0.09714285, y: -0.23142856}
      - {x: -0.08285714, y: -0.23714286}
      - {x: -0.114285715, y: -0.30857143}
      - {x: -0.12, y: -0.35142857}
      - {x: -0.12, y: -0.4485714}
      - {x: -0.10285714, y: -0.5057143}
      - {x: -0.09428571, y: -0.5114286}
      - {x: -0.08571429, y: -0.50857145}
      - {x: -0.037142858, y: -0.39142856}
      - {x: 0.03142857, y: -0.31714284}
      - {x: 0.068571426, y: -0.31714284}
    - - {x: 0.39714286, y: 0.3942857}
      - {x: 0.30285713, y: 0.3942857}
      - {x: 0.25428572, y: 0.38}
      - {x: 0.25428572, y: 0.30857143}
      - {x: 0.27714285, y: 0.28}
      - {x: 0.30857143, y: 0.26285714}
      - {x: 0.3942857, y: 0.26285714}
      - {x: 0.43142858, y: 0.29999998}
      - {x: 0.43142858, y: 0.35428572}
      - {x: 0.42857143, y: 0.36571428}
    - - {x: -0.022857143, y: 0.51714283}
      - {x: -0.03142857, y: 0.5142857}
      - {x: -0.057142857, y: 0.49142855}
      - {x: -0.057142857, y: 0.46285713}
      - {x: -0.054285713, y: 0.4485714}
      - {x: -0.04, y: 0.42571428}
      - {x: 0.04, y: 0.42571428}
      - {x: 0.065714285, y: 0.4342857}
      - {x: 0.065714285, y: 0.4942857}
      - {x: 0.04, y: 0.51714283}
